@book{citeKey1,
  title={{Form and style in thesis writing}},
  author={Campbell, W.G.},
  year={1954},
  publisher={Houghton Mifflin}
}

@article{citeKey2,
  title={{An analysis of the current state of English majors' BA thesis writing [J]}},
  author={Wenkang, S.},
  journal={Foreign Language World},
  volume={3},
  year={2004}
}

@inproceedings{dimitrov2000xml,
  title={XML standards for ontology exchange},
  author={Dimitrov, Marin},
  booktitle={Proceedings of â€œOntoLex},
  pages={8--10},
  year={2000},
  organization={Citeseer}
}

@book{hunter2011beginning,
  title={beginning XML},
  author={Hunter, David and Rafter, Jon and Watt, Andrew and McKinnon, Linda},
  year={2011},
  publisher={John Wiley \& Sons}
}

@article{xmlparser,
  title={Analyzing XML Parsers Performance for Android Platform},
  author={M V Uttam Tej, Dhanaraj Cheelu, M.Rajasekhara Babu and P Venkata Krishna},
  journal={VIT University, Tamil Nadu},
  year={2011}
}

@ONLINE{Saxparser,
author = {Doe, Ringo},
title = {Difference between DOM and SAX Parsers in Java},
month = dec,
year = {2011},
url = {http://javarevisited.blogspot.com/2011/12/difference-between-dom-and-sax-parsers.html}
}

@book{Harold:2002:PXJ:579324,
 author = {Harold, Elliote Rusty},
 title = {Processing Xml with Java},
 year = {2002},
 isbn = {0201771861},
 publisher = {Addison-Wesley Longman Publishing Co., Inc.},
 address = {Boston, MA, USA}
} 

@article{wang2007space,
  title={A space efficient XML DOM parser},
  author={Wang, Fangju and Li, Jing and Homayounfar, Hooman},
  journal={Data \& Knowledge Engineering},
  volume={60},
  number={1},
  pages={185--207},
  year={2007},
  publisher={Elsevier}
}

@article{huang2011scalable,
  title={Scalable SPARQL querying of large RDF graphs},
  author={Huang, Jiewen and Abadi, Daniel J and Ren, Kun},
  journal={Proceedings of the VLDB Endowment},
  volume={4},
  number={11},
  pages={1123--1134},
  year={2011}
}

@inproceedings{celino2010towards,
  title={Towards the formalization of interaction semantics},
  author={Celino, Irene and Corcoglioniti, Francesco},
  booktitle={Proceedings of the 6th International Conference on Semantic Systems},
  pages={10},
  year={2010},
  organization={ACM}
}

@ONLINE{semanticwebonline,
author = {Ivan Herman},
title = {W3C Semantic Web Frequently Asked Questions {@ONLINE}},
month = nov,
year = {2009},
url = {http://www.w3.org/RDF/FAQ}
}

@article{gruber,
  title={A translation approach to portable ontologies},
  author={Tom Gruber},
  journal={Knowledge Acquisition},
  volume={5},
  number={2},
  pages={199--220},
  year={1993}
}

@ONLINE{URI,
author = {Tony Coates, Michael Mealling, Mark Needleman, Norman Walsh},
title = {URIs, URLs, and URNs: Clarifications and Recommendations 1.0 },
month = {jul},
year = {2009},
url = {http://www.w3.org/TR/uri-clarification/}
}

@article{kulkarni2010distributed,
  title={Distributed SPARQL query engine using MapReduce},
  author={Kulkarni, Prasad},
  journal={Master of Science, Computer Science, School of Informatics, University of Edinburgh},
  year={2010}
}

@ONLINE{jena,
author = {Andy Seaborne},
title = {Jena documentation },
year = {2011},
url = {http://jena.apache.org/documentation/}
}
     
@incollection{perez2006semantics,
  title={Semantics and Complexity of SPARQL},
  author={P{\'e}rez, Jorge and Arenas, Marcelo and Gutierrez, Claudio},
  booktitle={The Semantic Web-ISWC 2006},
  pages={30--43},
  year={2006},
  publisher={Springer}
}

@ONLINE{sparqlw3c,
author = {Andy Seaborne},
title = {SPARQL Query Language for RDF },
month = {oct},
year = {2006},
url = {http://www.w3.org/TR/rdf-sparql-query/}
}

@ONLINE{namespaces,
author = {Tim Bray},
title = {Namespaces in XML 1.0 (Third Edition) },
month = {dec},
year = {2009},
url = {http://www.w3.org/TR/REC-xml-names/dt-qualname}
}
@ONLINE{koas,
author = {Boris Motik},
title = {Reasoning in KAON2 },
month = {nov},
year = {2006},
url = {http://kaon2.semanticweb.org/}
}
   
@ONLINE{jenavssem,
author = {Chris Bizer, Andreas Schultz},
title = {Berlin SPARQL Benchmark Results },
month = {mar},
year = {2009},
version = {1.2},
url = {http://wifo5-03.informatik.uni-mannheim.de/bizer/berlinsparqlbenchmark/results/index.html}
} 

 @ONLINE{osm1,
author = {Steve Coast},
title = {Yahoo! aerial imagery in OSM },
month = {Dec},
year = {2006},
url = {http://blog.openstreetmap.org/2006/12/04/yahoo-aerial-imagery-in-osm/}
}  

@ONLINE{osm2,
author = {OSM},
title = {OpenStreetmap Stats },
month = {jul},
year = {2013},
url = {http://wiki.openstreetmap.org/wiki/Stats}
}  
   
@inproceedings{letia2011service,
  title={Service monitoring with ontology based expectations},
  author={Letia, Ioan Alfred and Marginean, Anca Nicoleta},
  booktitle={Intelligent Computer Communication and Processing (ICCP), 2011 IEEE International Conference on},
  pages={111--114},
  year={2011},
  organization={IEEE}
}

@incollection{ricci2011introduction,
  title={Introduction to recommender systems handbook},
  author={Ricci, Francesco and Rokach, Lior and Shapira, Bracha},
  booktitle={Recommender Systems Handbook},
  pages={1--35},
  year={2011},
  publisher={Springer}
}
@incollection{lops2011content,
  title={Content-based recommender systems: State of the art and trends},
  author={Lops, Pasquale and de Gemmis, Marco and Semeraro, Giovanni},
  booktitle={Recommender Systems Handbook},
  pages={73--105},
  year={2011},
  publisher={Springer}
}

@inproceedings{mobilemusiconto,
  title={Ontology-supported preference handling for mobile music selection},
  author={Noppens, Olaf and Luther, Marko and Liebig, Thorsten and Wagner, Matthias and Paolucci, Massimo},
  booktitle={Proceedings of the Multidisciplinary Workshop on Advances in Preference Handling, Riva del Garda, Italy (August 2006)},
  year={2006},
  organization={Citeseer}
}

@article{j.websem266,
	author = {Christian Becker and Christian Bizer},
	title = {Exploring the Geospatial Semantic Web with DBpedia Mobile},
	journal = {Web Semantics: Science, Services and Agents on the World Wide Web},
	volume = {7},
	number = {4},
	year = {2009},
	publisher = {Elsevier},
	keywords = {Geospatial Semantic Web; Linked Data; Semantic Web; DBpedia; Location-aware applications},
	abstract = {The Geospatial Semantic Web makes locations first-class citizens of the Web by representing them asoriginal Web resources. This allows locations to be described in an open and distributed manner usingthe Resource Description Framework and provides for interlinking data about locations between datasources. In addition to using geo-coordinates to express geographical proximity, the Geospatial SemanticWeb provides for relating locations as well as regions to each other using explicit semantic relationshiptypes such as containment or shared borders. This article gives an overview of the Geospatial SemanticWeb and describes DBpedia Mobile, a location-aware Semantic Web client that can be used on an iPhoneand other mobile devices. Based on the current GPS position, DBpedia Mobile renders a map indicatingnearby locations from the DBpedia data set. Starting from this map, the user can explore backgroundinformation about his surroundings by navigating along data links into other data sources. DBpediaMobile has been designed for the use case of a tourist exploring a city. Besides accessing Web data,DBpedia Mobile also enables users to publish their current location, pictures and reviews to the SemanticWeb so that they can be used by other Semantic Web applications. Instead of simply being tagged withgeographical coordinates, published content is interlinked with a nearby DBpedia resource and thuscontributes to the overall richness of the Geospatial Semantic Web.},
	issn = {1570-8268},
	url = {http://www.websemanticsjournal.org/index.php/ps/article/view/266}
}
@incollection{auer2009linkedgeodata,
  title={Linkedgeodata: Adding a spatial dimension to the web of data},
  author={Auer, S{\"o}ren and Lehmann, Jens and Hellmann, Sebastian},
  booktitle={The Semantic Web-ISWC 2009},
  pages={731--746},
  year={2009},
  publisher={Springer}
}

@article{ballatore2012geographic,
  title={Geographic knowledge extraction and semantic similarity in OpenStreetMap},
  author={Ballatore, Andrea and Bertolotto, Michela and Wilson, David C},
  journal={Knowledge and Information Systems},
  pages={1--21},
  year={2012},
  publisher={Springer}
}

@ONLINE{vespu,
author = {Marcus Wolschon, Matt Lacchiato},
title = {Vespucci wiki page },
month = {apr},
year = {2011},
url = {https://code.google.com/p/osmeditor4android/w/list}
} 

@ONLINE{sharena,
author = {Jkpj},
title = {Sharenav wiki page },
month = {nov},
year = {2011},
url = {https://github.com/sharenav/sharenav/wiki}
} 

@inproceedings{shaik2010design,
  title={Design, development and performance evaluation of reconfigured mobile Android phone for people who are blind or visually impaired},
  author={Shaik, Akbar S and Hossain, Gahangir and Yeasin, Mohammed},
  booktitle={Proceedings of the 28th ACM International Conference on Design of Communication},
  pages={159--166},
  year={2010},
  organization={ACM}
}

@ONLINE{WHO,
author = {WHO},
title = {Visual impairment and blindness },
month = {jun},
year = {2012},
url = {http://www.who.int/mediacentre/factsheets/fs282/en/}
} 

@article{coomans1982alternative,
  title={Alternative< i> k</i>-nearest neighbour rules in supervised pattern recognition: Part 1. k-Nearest neighbour classification by using alternative voting rules},
  author={Coomans, D and Massart, DL},
  journal={Analytica Chimica Acta},
  volume={136},
  pages={15--27},
  year={1982},
  publisher={Elsevier}
}

@article{estepa2003evaluacion,
  title={Evaluation of the comprehension of correlative and regression through problems},
  author={Estepa, ANTONIO and Sanchez-Cobo, FRANCISCO T},
  journal={Statistics Education Research Journal},
  volume={2},
  number={1},
  pages={54--68},
  year={2003}
}

